
# @article{feng,
# author = {Feng, Yuming},
# year = {2017},
# month = {07},
# pages = {542-545},
# title = {Symmetric metric space},
# journal = {Italian Journal of Pure and Applied Mathematics}
# }

# @book{friedman,
   # title =     {Foundations of Modern Analysis},
   # author =    {Avner Friedman},
   # publisher = {Holt,Rinehart \& Winston},
   # isbn =      {0030812917,9780030812910},
   # year =      {1970},
   # series =    {},
   # edition =   {},
   # volume =    {},
   # url =       {http://gen.lib.rus.ec/book/index.php?md5=50d64e7b26c08ade44ebb93e0473e73f},
   # pages = {100-102},
# }

